@article{blanchard2011escaping,
  title={Escaping a protectionist rut: Policy mechanisms for trade reform in a democracy},
  author={Blanchard, E. and Willmann, G.},
  journal={Journal of International Economics},
  year={2011},
  publisher={Elsevier}
}
@article{bussi√®re2011protectionist,
  title={Protectionist responses to the crisis: Global trends and implications},
  author={Bussi{\`e}re, M. and P{\'e}rez-Barreiro, E. and Straub, R. and Taglioni, D.},
  journal={The World Economy},
  volume={34},
  number={5},
  pages={826--852},
  year={2011},
  publisher={Wiley Online Library}
}
@article{lawson2011economic,
  title={Economic Freedom Needed To Alleviate Poverty Around The World},
  author={Lawson, R.},
  journal={Transportation},
  year={2011}
}
 @misc{ wiki:001,
   author = "Wikipedia",
   title = "Production possibility frontier --- Wikipedia{,} The Free Encyclopedia",
   year = "2011",
   url = "\url{http://en.wikipedia.org/w/index.php?title=Production%E2%80%93possibility_frontier&oldid=453929816}",
   note = "[Online; accessed 23-October-2011]"
 }
@techreport{helpman2011trade,
  title={Trade and labor market outcomes},
  author={Helpman, E. and Itskhoki, O. and Redding, S.},
  year={2011},
  institution={National Bureau of Economic Research}
}